@book{R0001,
    title={Principles of Mathematical Analysis, Third Edition},
    author={Walter Rudin},
    isbn={9780070856134},
    year={1976},
    publisher={McGraw-Hill Education},
}

@book{R0002,
    title={University of Warwick Assignment Sheets},
    author={University of Warwick},
    isbn={},
    year={},
    publisher={University of Warwick},
}

@book{R0003,
    title={Basic Analysis I: Introduction to Real Analysis},
    author={Jiˇrí Lebl},
    isbn={},
    year={2022},
    publisher={},
}

@book{R0004,
    title={University of Warwick Past Papers},
    author={University of Warwick},
    isbn={},
    year={},
    publisher={University of Warwick},
}